@article{reich2013modular,
  title={{Modular SDN Programming with Pyretic}},
author={Reich, Joshua and Monsanto, Christopher and Foster, Nate and Rexford,
Jennifer and Walker, David},
  journal={USENIX; login},
  volume={38},
  number={5},
  pages={128--134},
  year={2013}
}

@misc{huston2013,
  title={Measuring DNSSEC Performance},
  author={Huston, Geoff},
  howpublished={\url{https://labs.apnic.net/?p=341}},
  note={Accessed 2015-04-21.},
  year={2013},
}


@misc{dnssecHistory,
  title={A short history of DNSSEC},
  author={{NLnet Labs}},
  howpublished={\url{http://www.nlnetlabs.nl/projects/dnssec/history.html}},
  note={Accessed 2015-04-28.},
  year={2013},
}

@misc{rfc4033,
  author="R. Arends and R. Austein and M. Larson and D. Massey and S. Rose",
  title="{DNS Security Introduction and Requirements}",
  series="Request for Comments",
  number="4033",
  howpublished="RFC 4033 (Proposed Standard)",
  publisher="IETF",
  organization="Internet Engineering Task Force",
  year=2005,
  month=mar,
    note="Updated by RFCs 6014, 6840",
  url="http://www.ietf.org/rfc/rfc4033.txt",
}

@article{zhu2015connection,
  title={Connection-Oriented DNS to Improve Privacy and Security},
  author={Zhu, Liang and Hu, Zi and Heidemann, John and Wessels, Duane and Mankin, Allison and Somaiya, Nikita},
  year={2015}
}

@misc{dnsprive2015,
  title={DNS over DTLS (DNSoD) Internet Draft},
  author={T. Reddy and D. Wing and P. Patil},
  howpublished={\url{https://tools.ietf.org/html/draft-ietf-dprive-dnsodtls-01}},
  note={Accessed 2015-06-23.},
  year={2015}
}
